@INPROCEEDINGS{interconnect,
	title={Understanding the Impact of Interconnect Failures on System Operation},
	author={Ezell, Matthew},
	journal={Cray User Group},
	booktitle = {Proceedings of Cray User Group Conference (CUG 2013)},
	year={2013}
}

@INPROCEEDINGS{dillow-fgr,
        author = {Dillow, David A. and Shipman, Galen M. and Oral, Sarp and  Zhang, Zhe},
        title = {{I/O} Congestion Avoidance via Routing and Object Placement},
        booktitle = {Proceedings of Cray User Group Conference (CUG 2011)},
        month = {},
        year ={2011}
}

@INPROCEEDINGS{dillow-fgr2,
	author={Dillow, D.A. and Shipman, G.M. and Oral, S. and Zhe Zhang and Youngjae Kim},
	booktitle={Performance Computing and Communications Conference (IPCCC), 2011 IEEE 30th International},
	title={Enhancing {I/O} throughput via efficient routing and placement for large-scale parallel file systems},
	year={2011},
	month={Nov},
	pages={1-9},
	keywords={input-output programs;parallel machines;parallel processing;Cray SeaStar2+ network;I/O throughput;I/O write bandwidth;center wide file system;congestion points;full Spider system;large scale parallel file systems;oak ridge leadership computing facility;petascale systems;production scientific applications;routed Lustre configuration;routed configuration;Aggregates;Bandwidth;Fabrics;Portals;Routing;Servers;Testing;Lustre file systems;Network congestion;SeaStar network;Spider},
	doi={10.1109/PCCC.2011.6108062},
	ISSN={1097-2641}
}

@INPROCEEDINGS{cray-fgr,
	author = {Mark Swan and Nic Henke},
	title = {Cray's Implementation of {LNET} Fine Grained Routing},
	booktitle = {Proceedings of Cray User Group Conference (CUG 2013)},
	year ={2013}
}

@INPROCEEDINGS{atlas,
	author = {Sarp Oral and David A. Dillow and Douglas Fuller and Jason Hill and Dustin Leverman and Sudharshan S. Vazhkudai and Feiyi Wang and Youngjae Kim and James Rogers and James Simmons and Ross Miller},
	title = {{OLCF}'s 1 {TB}/s, Next-Generation {Lustre} File System},
	booktitle = {Proceedings of Cray User Group Conference (CUG 2013)},
        year ={2013}
}

@INPROCEEDINGS{hoti,
	author={Alverson, R. and Roweth, D. and Kaplan, L.},
	booktitle={High Performance Interconnects (HOTI), 2010 IEEE 18th Annual Symposium on},
	title={The {Gemini} System Interconnect},
	year={Aug.},
	pages={83-87},
	keywords={mainframes;multiprocessor interconnection networks;network computers;parallel machines;Crays supercomputer system;Gemini system interconnect;OS bypass;atomic memory operations;direct user completion notification;operating system;Bandwidth;Hardware;Kernel;Payloads;Routing;Synchronization;Tiles},
	doi={10.1109/HOTI.2010.23}
}

@MISC{lustre-manual,
	author = {{Lustre Developers and Contributors}},
	title = {{Lustre} File System Documentation},
	url = {http://lustre.opensfs.org/documentation/}
}
